@article{Bowern_2017, 
	title={The Indo-European controversy and Bayesian phylogenetic methods}, 
	volume={34}, 
	url={http://www.jbe-platform.com/content/journals/10.1075/dia.34.3.04bow}, 
	DOI={10.1075/dia.34.3.04bow}, 
	number={3}, 
	journal={Diachronica}, 
	author={Bowern, Claire}, 
	year={2017}, 
	month={Oct}, 
	pages={421–436} 
}

@Article{	  nakhleh_et_al:2005,
  title		= {Perfect Phylogenetic Networks: A New Methodology for
		  Reconstructing the Evolutionary History of Natural
		  Languages},
  volume	= {81},
  url		= {https://www.jstor.org/stable/4489897},
  number	= {2},
  journal	= {Language},
  author	= {Nakhleh, Luay and Ringe, Don and Warnow, Tandy},
  year		= {2005},
  pages		= {382–420}
}

@inproceedings{bouchard-etal-2007-probabilistic,
    title = "A Probabilistic Approach to Diachronic Phonology",
    author = "Bouchard-Côté, Alexandre  and
      Liang, Percy  and
      Griffiths, Thomas  and
      Klein, Dan",
    booktitle = "Proceedings of the 2007 Joint Conference on Empirical Methods in Natural Language Processing and Computational Natural Language Learning ({EMNLP}-{C}o{NLL})",
    month = jun,
    year = "2007",
    address = "Prague, Czech Republic",
    publisher = "Association for Computational Linguistics",
    url = "https://www.aclweb.org/anthology/D07-1093",
    pages = "887--896",
}



@book{Pereltsvaig_Lewis_2015, 
	place={Cambridge}, 
	title={The Indo-European controversy: facts and fallacies in historical linguistics}, 
	ISBN={9781107665385 9781107054530}, 
	publisher={Cambridge University Press}, 
	author={Pereltsvaig, Asya and Lewis, Martin}, 
	year={2015} 
}

@Article{	  bouckaert_et_al:2012,
  title		= {Mapping the Origins and Expansion of the Indo-European
		  Language Family},
  volume	= {337},
  url		= {https://www.sciencemag.org/lookup/doi/10.1126/science.1219669},
  doi		= {10.1126/science.1219669},
  number	= {6097},
  journal	= {Science},
  author	= {Bouckaert, R. and Lemey, P. and Dunn, M. and Greenhill, S.
		  J. and Alekseyenko, A. V. and Drummond, A. J. and Gray, R.
		  D. and Suchard, M. A. and Atkinson, Q. D.},
  year		= {2012},
  month		= {Aug},
  pages		= {957–960}
}

@Article{	  bouchard-Cote_et_al:2013,
  title		= {Automated reconstruction of ancient languages using
		  probabilistic models of sound change},
  volume	= {110},
  number	= {11},
  journal	= {Proceedings of the National Academy of Sciences},
  author	= {Bouchard-Côté, Alexandre and Hall, David and Griffiths,
		  Thomas L. and Klein, Dan},
  year		= {2013},
  month		= {Mar},
  pages		= {4224-4229}
}


@article{Lehtinen_et_al:2014, 
	title={Behind Family Trees}, 
	volume={4}, 
	url={https://brill.com/view/journals/ldc/4/2/article-p189_1.xml}, 
	DOI={10.1163/22105832-00402007}, 
	number={2}, 
	journal={Language Dynamics and Change}, 
	author={Lehtinen, Jyri and Honkola, Terhi and Korhonen, Kalle and Syrjänen, Kaj and Wahlberg, Niklas and Vesakoski, Outi}, 
	year={2014}, 
	pages={189–221} 
}

@article{Robbeets_Bouckaert:2018, 
	title={Bayesian phylolinguistics reveals the internal structure of the Transeurasian family}, 
	volume={3}, 
	url={https://academic.oup.com/jole/article/3/2/145/5067185}, 
	DOI={10.1093/jole/lzy007}, 
	number={2}, 
	journal={Journal of Language Evolution}, 
	author={Robbeets, Martine and Bouckaert, Remco}, 
	year={2018}, 
	month={Jul}, 
	pages={145–162} 
}


@inproceedings{ciobanu_ab_2018,
	address = {Santa Fe, New Mexico, USA},
	title = {Ab {Initio}: {Automatic} {Latin} {Proto}-word {Reconstruction}},
	shorttitle = {Ab {Initio}},
	url = {https://www.aclweb.org/anthology/C18-1136},
	urldate = {2020-03-25},
	booktitle = {Proceedings of the 27th {International} {Conference} on {Computational} {Linguistics}},
	publisher = {Association for Computational Linguistics},
	author = {Ciobanu, Alina Maria and Dinu, Liviu P.},
	month = aug,
	year = {2018},
	pages = {1604--1614}
}

@inproceedings{ellison_bayesian_2007,
	address = {Prauge, Czech Republic},
	title = {Bayesian identification of cognates and correspondences},
	url = {http://portal.acm.org/citation.cfm?doid=1626516.1626519},
	doi = {10.3115/1626516.1626519},
	language = {en},
	urldate = {2020-03-20},
	booktitle = {Proceedings of {Ninth} {Meeting} of the {ACL} {Special} {Interest} {Group} in {Computational} {Morphology} and {Phonology} on - {SigMorPhon} '07},
	publisher = {Association for Computational Linguistics},
	author = {Ellison, T. Mark},
	year = {2007},
	pages = {15--22}
}

@article{meloni_ab_2019,
	title = {Ab {Antiquo}: {Proto}-language {Reconstruction} with {RNNs}},
	shorttitle = {Ab {Antiquo}},
	url = {http://arxiv.org/abs/1908.02477},
	urldate = {2020-06-17},
	journal = {arXiv:1908.02477 [cs]},
	author = {Meloni, Carlo and Ravfogel, Shauli and Goldberg, Yoav},
	month = aug,
	year = {2019},
	note = {arXiv: 1908.02477},
	keywords = {Computer Science - Computation and Language}
}


@article{hruschka_detecting_2015,
	title = {Detecting {Regular} {Sound} {Changes} in {Linguistics} as {Events} of {Concerted} {Evolution}},
	volume = {25},
	issn = {09609822},
	url = {https://linkinghub.elsevier.com/retrieve/pii/S0960982214013736},
	doi = {10.1016/j.cub.2014.10.064},
	language = {en},
	number = {1},
	urldate = {2020-03-20},
	journal = {Current Biology},
	author = {Hruschka, Daniel J. and Branford, Simon and Smith, Eric D. and Wilkins, Jon and Meade, Andrew and Pagel, Mark and Bhattacharya, Tanmoy},
	month = jan,
	year = {2015},
	pages = {1--9}
}

@inproceedings{dinu_building_2014,
	address = {Reykjavik, Iceland},
	title = {Building a {Dataset} of {Multilingual} {Cognates} for the {Romanian} {Lexicon}},
	url = {http://www.lrec-conf.org/proceedings/lrec2014/pdf/175_Paper.pdf},
	urldate = {2020-06-17},
	booktitle = {Proceedings of the {Ninth} {International} {Conference} on {Language} {Resources} and {Evaluation} ({LREC}'14)},
	publisher = {European Language Resources Association (ELRA)},
	author = {Dinu, Liviu and Ciobanu, Alina Maria},
	month = may,
	year = {2014},
	pages = {1038--1043}
}



@inproceedings{wilding_cross-family_2019,
	title = {Cross-{Family} {Similarity} {Learning} for {Cognate} {Identification} in {Low}-{Resource} {Languages}},
	isbn = {9789544520564},
	url = {https://acl-bg.org/proceedings/2019/RANLP 2019/pdf/RANLP129.pdf},
	doi = {10.26615/978-954-452-056-4_129},
	urldate = {2020-06-21},
	booktitle = {Proceedings - {Natural} {Language} {Processing} in a {Deep} {Learning} {World}},
	publisher = {Incoma Ltd., Shoumen, Bulgaria},
	author = {Soisalon-Soininen, Eliel and Granroth-Wilding, Mark},
	month = oct,
	year = {2019},
	pages = {1121--1130}
}


@article{rama_siamese_2016,
	title = {Siamese convolutional networks based on phonetic features for cognate identification},
	url = {http://arxiv.org/abs/1605.05172},
	urldate = {2020-06-21},
	journal = {arXiv:1605.05172 [cs]},
	author = {Rama, Taraka},
	month = jul,
	year = {2016},
	note = {arXiv: 1605.05172},
	keywords = {Computer Science - Computation and Language}
}






