-----------------------------------------------------------
Papers on Learning Paraphrases
-----------------------------------------------------------

@article{Chandra:81,
	author = {Ashok K. Chandra and Dexter C. Kozen and Larry J. Stockmeyer},
	year = "1981",
	title = {Alternation},
	journal = {Journal of the Association for Computing Machinery},
	volume = "28",
	number = "1",
	pages = "114--133",
	doi = "10.1145/322234.322243",
}

@inproceedings{andrew2007scalable,
  title={Scalable training of {L1}-regularized log-linear models},
  author={Andrew, Galen and Gao, Jianfeng},
  booktitle={Proceedings of the 24th International Conference on Machine Learning},
  pages={33--40},
  year={2007},
}

@book{Gusfield:97,
    author  = {Dan Gusfield},
    title   = {Algorithms on Strings, Trees and Sequences},
    year    = "1997",
    publisher = {Cambridge University Press},
    address = {Cambridge, UK}
}

@article{rasooli-tetrault-2015,
    author    = {Mohammad Sadegh Rasooli and Joel R. Tetreault},
    title     = {Yara Parser: {A} Fast and Accurate Dependency Parser},
    journal   = {Computing Research Repository},
    volume    = {arXiv:1503.06733},
    year      = {2015},
    url       = {http://arxiv.org/abs/1503.06733},
    note    = {version 2}
}

@article{Ando2005,
	Acmid = {1194905},
	Author = {Ando, Rie Kubota and Zhang, Tong},
	Issn = {1532-4435},
	Issue_Date = {12/1/2005},
	Journal = {Journal of Machine Learning Research},
	Month = dec,
	Numpages = {37},
	Pages = {1817--1853},
	Publisher = {JMLR.org},
	Title = {A Framework for Learning Predictive Structures from Multiple Tasks and Unlabeled Data},
	Volume = {6},
	Year = {2005}}

@article{meloni2019ab,
  title={Ab antiquo: Proto-language reconstruction with RNNs},
  author={Meloni, Carlo and Ravfogel, Shauli and Goldberg, Yoav},
  journal={arXiv preprint arXiv:1908.02477},
  year={2019}
}

@inproceedings{ciobanu2018ab,
  title={Ab initio: Automatic Latin proto-word reconstruction},
  author={Ciobanu, Alina Maria and Dinu, Liviu P},
  booktitle={Proceedings of the 27th International Conference on Computational Linguistics},
  pages={1604--1614},
  year={2018}
}

@misc{chollet2015keras,
  author = {Chollet, François},
  title = {Keras},
  year = {2015},
  publisher = {GitHub},
  journal = {GitHub repository},
  howpublished = {\url{https://github.com/fchollet/keras}}
}

@misc{tensorflow2015-whitepaper,
title={ {TensorFlow}: Large-Scale Machine Learning on Heterogeneous Systems},
url={https://www.tensorflow.org/},
note={Software available from tensorflow.org},
author={
    Mart\'{\i}n~Abadi and
    Ashish~Agarwal and
    Paul~Barham and
    Eugene~Brevdo and
    Zhifeng~Chen and
    Craig~Citro and
    Greg~S.~Corrado and
    Andy~Davis and
    Jeffrey~Dean and
    Matthieu~Devin and
    Sanjay~Ghemawat and
    Ian~Goodfellow and
    Andrew~Harp and
    Geoffrey~Irving and
    Michael~Isard and
    Yangqing Jia and
    Rafal~Jozefowicz and
    Lukasz~Kaiser and
    Manjunath~Kudlur and
    Josh~Levenberg and
    Dandelion~Man\'{e} and
    Rajat~Monga and
    Sherry~Moore and
    Derek~Murray and
    Chris~Olah and
    Mike~Schuster and
    Jonathon~Shlens and
    Benoit~Steiner and
    Ilya~Sutskever and
    Kunal~Talwar and
    Paul~Tucker and
    Vincent~Vanhoucke and
    Vijay~Vasudevan and
    Fernanda~Vi\'{e}gas and
    Oriol~Vinyals and
    Pete~Warden and
    Martin~Wattenberg and
    Martin~Wicke and
    Yuan~Yu and
    Xiaoqiang~Zheng},
  year={2015},
}


-----------------------------------------------------------
Papers on Learning Directionality of Paraphrases
-----------------------------------------------------------

@article{Bowern_2017, 
	title={The Indo-European controversy and Bayesian phylogenetic methods}, 
	volume={34}, 
	url={http://www.jbe-platform.com/content/journals/10.1075/dia.34.3.04bow}, 
	DOI={10.1075/dia.34.3.04bow}, 
	number={3}, 
	journal={Diachronica}, 
	author={Bowern, Claire}, 
	year={2017}, 
	month={Oct}, 
	pages={421–436} 
}
@article{dekker_msc_2018,
	title = {{MSc} thesis: {Reconstructing} language ancestry by performing word prediction with neural networks},
	shorttitle = {{MSc} thesis},
	url = {http://rgdoi.net/10.13140/RG.2.2.32990.33601},
	doi = {10.13140/RG.2.2.32990.33601},
	urldate = {2020-09-25},
	author = {Dekker, Peter},
	year = {2018}
}



@article{Dworkin_2016, 
title={Do Romanists need to reconstruct Proto-Romance?}, 
volume={132},
url={http://www.degruyter.com/view/j/zrph.2016.132.issue-1/zrp-2016-0001/zrp-2016-0001.xml}, 
DOI={10.1515/zrp-2016-0001}, 
number={1}, 
journal={Zeitschrift für romanische Philologie}, 
author={Dworkin, Steven N.}, 
year={2016}, 
month={Jan}, 
pages={1–19} 
}





@article{hruschka_detecting_2015,
	title = {Detecting {Regular} {Sound} {Changes} in {Linguistics} as {Events} of {Concerted} {Evolution}},
	volume = {25},
	issn = {09609822},
	url = {https://linkinghub.elsevier.com/retrieve/pii/S0960982214013736},
	doi = {10.1016/j.cub.2014.10.064},
	language = {en},
	number = {1},
	urldate = {2020-03-20},
	journal = {Current Biology},
	author = {Hruschka, Daniel J. and Branford, Simon and Smith, Eric D. and Wilkins, Jon and Meade, Andrew and Pagel, Mark and Bhattacharya, Tanmoy},
	month = jan,
	year = {2015},
	pages = {1--9}
}

@Article{	  bouchard-Cote_et_al:2013,
  title		= {Automated reconstruction of ancient languages using
		  probabilistic models of sound change},
  volume	= {110},
  number	= {11},
  journal	= {Proceedings of the National Academy of Sciences},
  author	= {Bouchard-Côté, Alexandre and Hall, David and Griffiths,
		  Thomas L. and Klein, Dan},
  year		= {2013},
  month		= {Mar},
  pages		= {4224-4229}
}


@article{Lehtinen_et_al:2014, 
	title={Behind Family Trees}, 
	volume={4}, 
	url={https://brill.com/view/journals/ldc/4/2/article-p189_1.xml}, 
	DOI={10.1163/22105832-00402007}, 
	number={2}, 
	journal={Language Dynamics and Change}, 
	author={Lehtinen, Jyri and Honkola, Terhi and Korhonen, Kalle and Syrjänen, Kaj and Wahlberg, Niklas and Vesakoski, Outi}, 
	year={2014}, 
	pages={189–221} 
}



@article{rama_siamese_2016,
	title = {Siamese convolutional networks based on phonetic features for cognate identification},
	url = {http://arxiv.org/abs/1605.05172},
	urldate = {2020-06-21},
	journal = {arXiv:1605.05172 [cs]},
	author = {Rama, Taraka},
	month = jul,
	year = {2016},
	note = {arXiv: 1605.05172},
	keywords = {Computer Science - Computation and Language}
}



@article{brown_automated_2008,
	title = {Automated classification of the world's languages: a description of the method and preliminary results},
	volume = {61},
	issn = {1867-8319},
	shorttitle = {Automated classification of the world's languages},
	url = {http://www.degruyter.com/doi/10.1524/stuf.2008.0026},
	doi = {10.1524/stuf.2008.0026},
	language = {en},
	number = {4},
	urldate = {2020-08-08},
	journal = {Language Typology and Universals},
	author = {Brown, Cecil H. and Holman, Eric W. and Wichmann, Soeren and Velupillai, Viveka},
	month = nov,
	year = {2008},
	pages = {285--308}
}

 Eric W. Holman, and Cecil H. Brown (eds.). 2020. The ASJP Database (version 19).


@misc{asjp,
  author={Wichmann, Søren and Holman, Eric W. and Brown, Cecil H.},
  title = {The ASJP Database (version 19)},
  howpublished = {\url{https://asjp.clld.org/}},
  note = {Accessed: 2020-09-25}
}


@book{swadesh_origin_1971,
	address = {Chicago},
	title = {The origin and diversification of language},
	isbn = {9780202010014},
	publisher = {Aldine, Atherton},
	author = {Swadesh, Morris},
	year = {1971},
	keywords = {Language and languages}
}